@inproceedings{yu2020bignas,
	title={Bignas: Scaling up neural architecture search with big single-stage models},
	author={Yu, Jiahui and Jin, Pengchong and Liu, Hanxiao and Bender, Gabriel and Kindermans, Pieter-Jan and Tan, Mingxing and Huang, Thomas and Song, Xiaodan and Pang, Ruoming and Le, Quoc},
	booktitle={European Conference on Computer Vision},
	pages={702--717},
	year={2020},
	organization={Springer}
}
@inproceedings{berral2015aloja,
	title={Aloja-ml: A framework for automating characterization and knowledge discovery in hadoop deployments},
	author={Berral, Josep Llu{\'\i}s and Poggi, Nicolas and Carrera, David and Call, Aaron and Reinauer, Rob and Green, Daron},
	booktitle={Proceedings of the 21th ACM SIGKDD International Conference on Knowledge Discovery and Data Mining},
	pages={1701--1710},
	year={2015}
}
@inproceedings{rameshan2014stay,
	title={Stay-away, protecting sensitive applications from performance interference},
	author={Rameshan, Navaneeth and Navarro, Leandro and Monte, Enric and Vlassov, Vladimir},
	booktitle={Proceedings of the 15th International Middleware Conference},
	pages={301--312},
	year={2014}
}
@inproceedings{wyatt2018prionn,
	title={Prionn: Predicting runtime and io using neural networks},
	author={Wyatt, Michael R and Herbein, Stephen and Gamblin, Todd and Moody, Adam and Ahn, Dong H and Taufer, Michela},
	booktitle={Proceedings of the 47th International Conference on Parallel Processing},
	pages={1--12},
	year={2018}
}
@inproceedings{marco2017improving,
	title={Improving spark application throughput via memory aware task co-location: A mixture of experts approach},
	author={Marco, Vicent Sanz and Taylor, Ben and Porter, Barry and Wang, Zheng},
	booktitle={Proceedings of the 18th ACM/IFIP/USENIX Middleware Conference},
	pages={95--108},
	year={2017}
}
@inproceedings{zhang2016workload,
	title={Workload prediction for cloud cluster using a recurrent neural network},
	author={Zhang, Weishan and Li, Bo and Zhao, Dehai and Gong, Faming and Lu, Qinghua},
	booktitle={2016 International Conference on Identification, Information and Knowledge in the Internet of Things (IIKI)},
	pages={104--109},
	year={2016},
	organization={IEEE}
}
@article{kumar2018workload,
	title={Workload prediction in cloud using artificial neural network and adaptive differential evolution},
	author={Kumar, Jitendra and Singh, Ashutosh Kumar},
	journal={Future Generation Computer Systems},
	volume={81},
	pages={41--52},
	year={2018},
	publisher={Elsevier}
}
@article{yu2018slimmable,
	title={Slimmable neural networks},
	author={Yu, Jiahui and Yang, Linjie and Xu, Ning and Yang, Jianchao and Huang, Thomas},
	journal={arXiv preprint arXiv:1812.08928},
	year={2018}
}
@article{islam2012empirical,
	title={Empirical prediction models for adaptive resource provisioning in the cloud},
	author={Islam, Sadeka and Keung, Jacky and Lee, Kevin and Liu, Anna},
	journal={Future Generation Computer Systems},
	volume={28},
	number={1},
	pages={155--162},
	year={2012},
	publisher={Elsevier}
}
@inproceedings{yu2020bignas,
	title={Bignas: Scaling up neural architecture search with big single-stage models},
	author={Yu, Jiahui and Jin, Pengchong and Liu, Hanxiao and Bender, Gabriel and Kindermans, Pieter-Jan and Tan, Mingxing and Huang, Thomas and Song, Xiaodan and Pang, Ruoming and Le, Quoc},
	booktitle={European Conference on Computer Vision},
	pages={702--717},
	year={2020},
	organization={Springer}
}
@inproceedings{wu2019fbnet,
	title={Fbnet: Hardware-aware efficient convnet design via differentiable neural architecture search},
	author={Wu, Bichen and Dai, Xiaoliang and Zhang, Peizhao and Wang, Yanghan and Sun, Fei and Wu, Yiming and Tian, Yuandong and Vajda, Peter and Jia, Yangqing and Keutzer, Kurt},
	booktitle={Proceedings of the IEEE/CVF Conference on Computer Vision and Pattern Recognition},
	pages={10734--10742},
	year={2019}
}
@inproceedings{chu2021fairnas,
	title={Fairnas: Rethinking evaluation fairness of weight sharing neural architecture search},
	author={Chu, Xiangxiang and Zhang, Bo and Xu, Ruijun},
	booktitle={Proceedings of the IEEE/CVF International Conference on Computer Vision},
	pages={12239--12248},
	year={2021}
}
@inproceedings{guo2020single,
	title={Single path one-shot neural architecture search with uniform sampling},
	author={Guo, Zichao and Zhang, Xiangyu and Mu, Haoyuan and Heng, Wen and Liu, Zechun and Wei, Yichen and Sun, Jian},
	booktitle={European Conference on Computer Vision},
	pages={544--560},
	year={2020},
	organization={Springer}
}
@inproceedings{wang2021ownership,
	title={Ownership: A Distributed Futures System for Fine-Grained Tasks.},
	author={Wang, Stephanie and Liang, Eric and Oakes, Edward and Hindman, Benjamin and Luan, Frank Sifei and Cheng, Audrey and Stoica, Ion},
	booktitle={NSDI},
	pages={671--686},
	year={2021}
}
@article{yuan2021tokens,
	title={Tokens-to-token vit: Training vision transformers from scratch on imagenet},
	author={Yuan, Li and Chen, Yunpeng and Wang, Tao and Yu, Weihao and Shi, Yujun and Jiang, Zihang and Tay, Francis EH and Feng, Jiashi and Yan, Shuicheng},
	journal={arXiv preprint arXiv:2101.11986},
	year={2021}
}
@inproceedings{touvron2021training,
	title={Training data-efficient image transformers \& distillation through attention},
	author={Touvron, Hugo and Cord, Matthieu and Douze, Matthijs and Massa, Francisco and Sablayrolles, Alexandre and J{\'e}gou, Herv{\'e}},
	booktitle={International Conference on Machine Learning},
	pages={10347--10357},
	year={2021},
	organization={PMLR}
}
@article{dosovitskiy2020image,
	title={An image is worth 16x16 words: Transformers for image recognition at scale},
	author={Dosovitskiy, Alexey and Beyer, Lucas and Kolesnikov, Alexander and Weissenborn, Dirk and Zhai, Xiaohua and Unterthiner, Thomas and Dehghani, Mostafa and Minderer, Matthias and Heigold, Georg and Gelly, Sylvain and others},
	journal={arXiv preprint arXiv:2010.11929},
	year={2020}
}

@inproceedings{reiss2012heterogeneity,
	title={Heterogeneity and dynamicity of clouds at scale: Google trace analysis},
	author={Reiss, Charles and Tumanov, Alexey and Ganger, Gregory R and Katz, Randy H and Kozuch, Michael A},
	booktitle={Proceedings of the third ACM symposium on cloud computing},
	pages={1--13},
	year={2012}
}
@article{barroso2007case,
	title={The case for energy-proportional computing},
	author={Barroso, Luiz Andr{\'e} and H{\"o}lzle, Urs},
	journal={Computer},
	volume={40},
	number={12},
	pages={33--37},
	year={2007},
	publisher={IEEE}
}
@article{delimitrou2013paragon,
	title={Paragon: QoS-aware scheduling for heterogeneous datacenters},
	author={Delimitrou, Christina and Kozyrakis, Christos},
	journal={ACM SIGPLAN Notices},
	volume={48},
	number={4},
	pages={77--88},
	year={2013},
	publisher={ACM New York, NY, USA}
}
@inproceedings{mishra2017esp,
	title={Esp: A machine learning approach to predicting application interference},
	author={Mishra, Nikita and Lafferty, John D and Hoffmann, Henry},
	booktitle={2017 IEEE International Conference on Autonomic Computing (ICAC)},
	pages={125--134},
	year={2017},
	organization={IEEE}
}
@SystemOptimizationinFramework